@manual{la-manual,
  author       = {龙芯中科技术股份有限公司},
  title        = {龙架构参考手册~卷一：基础架构},
  year         = {2023},
  key          = {Long Xin Zhong Ke Ji Shu Gu Fen You Xian Gong Si}
}

@inproceedings{tokuda1990real,
  title={Real-Time Mach: Towards a Predictable Real-Time System.},
  author={Tokuda, Hideyuki and Nakajima, Tatsuo and Rao, Prithvi},
  booktitle={USENIX Mach Symposium},
  pages={73--82},
  year={1990},
  organization={Citeseer}
}